
% -------------------------------------------------------------
% Inflammation STUFF
% -------------------------------------------------------------


@article{Hyun2017,
  doi = {10.1189/jlb.1ru1216-521r},
  url = {https://doi.org/10.1189/jlb.1ru1216-521r},
  year = {2017},
  month = jun,
  publisher = {Oxford University Press ({OUP})},
  volume = {102},
  number = {3},
  pages = {617--629},
  author = {Young-Min Hyun and Chang-Won Hong},
  title = {Deep insight into neutrophil trafficking in various organs},
  journal = {Journal of Leukocyte Biology}
}


@article{Serhan2014,
  doi = {10.1038/nature13479},
  url = {https://doi.org/10.1038/nature13479},
  year = {2014},
  month = jun,
  publisher = {Springer Science and Business Media {LLC}},
  volume = {510},
  number = {7503},
  pages = {92--101},
  author = {Charles N. Serhan},
  title = {Pro-resolving lipid mediators are leads for resolution physiology},
  journal = {Nature}
}

@article{Touwaide1999,
  doi = {10.1159/000013442},
  url = {https://doi.org/10.1159/000013442},
  year = {1999},
  publisher = {S. Karger {AG}},
  volume = {19},
  number = {2},
  pages = {155--158},
  author = {Alain Touwaide and Natale Gaspare de Santo},
  title = {Edema in the Corpus Hippocraticum},
  journal = {American Journal of Nephrology}
}

@article{Kadioglu2016,
  doi = {10.1016/j.phymed.2016.01.004},
  url = {https://doi.org/10.1016/j.phymed.2016.01.004},
  year = {2016},
  month = mar,
  publisher = {Elsevier {BV}},
  volume = {23},
  number = {3},
  pages = {293--306},
  author = {Onat Kadioglu and Stefan Jacob and Stefan Bohnert and Janine Na{\ss} and Mohamed E.M. Saeed and Hassan Khalid and Irmgard Merfort and Eckhard Thines and Tanja Pommerening and Thomas Efferth},
  title = {Evaluating ancient Egyptian prescriptions today: Anti-inflammatory activity of Ziziphus spina-christi},
  journal = {Phytomedicine}
}

@article{Granger2010,
  doi = {10.4199/c00013ed1v01y201006isp008},
  url = {https://doi.org/10.4199/c00013ed1v01y201006isp008},
  year = {2010},
  month = jul,
  publisher = {Portico},
  volume = {2},
  number = {1},
  pages = {1--87},
  author = {D. Neil Granger and Elena Senchenkova},
  title = {Inflammation and the Microcirculation},
  journal = {Colloquium Series on Integrated Systems Physiology: From Molecule to Function}
}

@incollection{Roumier2019,
  doi = {10.1016/b978-0-12-800050-2.00010-3},
  url = {https://doi.org/10.1016/b978-0-12-800050-2.00010-3},
  year = {2019},
  publisher = {Elsevier},
  pages = {181--196},
  author = {Anne Roumier and Catherine B{\'{e}}chade and Luc Maroteaux},
  title = {Serotonin and the Immune System},
  booktitle = {Serotonin}
}

@article{Basil2015,
  doi = {10.1038/nri.2015.4},
  url = {https://doi.org/10.1038/nri.2015.4},
  year = {2015},
  month = dec,
  publisher = {Springer Science and Business Media {LLC}},
  volume = {16},
  number = {1},
  pages = {51--67},
  author = {Maria C. Basil and Bruce D. Levy},
  title = {Specialized pro-resolving mediators: endogenous regulators of infection and inflammation},
  journal = {Nature Reviews Immunology}
}

@article{Sharmawalia2015,
  doi = {10.2147/jir.s90380},
  url = {https://doi.org/10.2147/jir.s90380},
  year = {2015},
  month = sep,
  publisher = {Informa {UK} Limited},
  pages = {181},
  author = {Neelam Sharma-walia and Jayashree Chandrasekharan},
  title = {Lipoxins: nature's way to resolve inflammation},
  journal = {Journal of Inflammation Research}
}

@article{Moro2016,
  doi = {10.12998/wjcc.v4.i7.155},
  url = {https://doi.org/10.12998/wjcc.v4.i7.155},
  year = {2016},
  publisher = {Baishideng Publishing Group Inc.},
  volume = {4},
  number = {7},
  pages = {155},
  author = {Kazuki Moro and Masayuki Nagahashi and Rajesh Ramanathan and Kazuaki Takabe and Toshifumi Wakai},
  title = {Resolvins and omega three polyunsaturated fatty acids: Clinical implications in inflammatory diseases and cancer},
  journal = {World Journal of Clinical Cases}
}

@article{Lagarde2014,
  doi = {10.1016/j.biochi.2014.09.008},
  url = {https://doi.org/10.1016/j.biochi.2014.09.008},
  year = {2014},
  month = dec,
  publisher = {Elsevier {BV}},
  volume = {107},
  pages = {91--94},
  author = {Michel Lagarde and Evelyne V{\'{e}}ricel and Miao Liu and Ping Chen and Michel Guichardant},
  title = {Structure-function relationships of non-cyclic dioxygenase products from polyunsaturated fatty acids: Poxytrins as a class of bioactive derivatives},
  journal = {Biochimie}
}

@article{Serhan2015,
  doi = {10.1016/j.bbalip.2014.08.006},
  url = {https://doi.org/10.1016/j.bbalip.2014.08.006},
  year = {2015},
  month = apr,
  publisher = {Elsevier {BV}},
  volume = {1851},
  number = {4},
  pages = {397--413},
  author = {Charles N. Serhan and Jesmond Dalli and Romain A. Colas and Jeremy W. Winkler and Nan Chiang},
  title = {Protectins and maresins: New pro-resolving families of mediators in acute inflammation and resolution bioactive metabolome},
  journal = {Biochimica et Biophysica Acta ({BBA}) - Molecular and Cell Biology of Lipids}
}

@article{Feltenmark2008,
  doi = {10.1073/pnas.0710127105},
  url = {https://doi.org/10.1073/pnas.0710127105},
  year = {2008},
  month = jan,
  publisher = {Proceedings of the National Academy of Sciences},
  volume = {105},
  number = {2},
  pages = {680--685},
  author = {Stina Feltenmark and Narinder Gautam and {\AA}sa Brunnstr\"{o}m and William Griffiths and Linda Backman and Charlotte Edenius and Lennart Lindbom and Magnus Bj\"{o}rkholm and Hans-Erik Claesson},
  title = {Eoxins are proinflammatory arachidonic acid metabolites produced via the 15-lipoxygenase-1 pathway in human eosinophils and mast cells},
  journal = {Proceedings of the National Academy of Sciences}
}

@article{Claesson2009,
  doi = {10.1016/j.prostaglandins.2008.12.003},
  url = {https://doi.org/10.1016/j.prostaglandins.2008.12.003},
  year = {2009},
  month = sep,
  publisher = {Elsevier {BV}},
  volume = {89},
  number = {3-4},
  pages = {120--125},
  author = {Hans-Erik Claesson},
  title = {On the biosynthesis and biological role of eoxins and 15-lipoxygenase-1 in airway inflammation and Hodgkin lymphoma},
  journal = {Prostaglandins and Other Lipid Mediators}
}

@article{Smith2006,
  doi = {10.1007/s10571-006-9040-1},
  url = {https://doi.org/10.1007/s10571-006-9040-1},
  year = {2006},
  month = apr,
  publisher = {Springer Science and Business Media {LLC}},
  volume = {26},
  number = {4-6},
  pages = {1019--1034},
  author = {Eric M. Smith and Mike Gregg and Farhad Hashemi and Liesl Schott and Thomas K. Hughes},
  title = {Corticotropin Releasing Factor ({CRF}) Activation of {NF}-$\upkappa$B-Directed Transcription in Leukocytes},
  journal = {Cellular and Molecular Neurobiology}
}


@book{bigTumorFigureBook,
    title = {PRO-AND ANTITUMOR ROLE OF THE INTERLEUKINS 1 TO 41},
    author = {Ovidiu Farc, Victor Cristea},
    isbn = {12223891},
    year = {2019},
    publisher = {Institutul Cantacuzino},
    keywords = {inflammation, tumor, cancer, interleukins}
}

@article{Cui2021,
  doi = {10.1152/ajpendo.00175.2020},
  url = {https://doi.org/10.1152/ajpendo.00175.2020},
  year = {2021},
  month = jan,
  publisher = {American Physiological Society},
  volume = {320},
  number = {1},
  pages = {E131--E138},
  author = {Xiao-Bing Cui and Jia Fei and Sisi Chen and Gaylen L. Edwards and Shi-You Chen},
  title = {{ADAR}1 deficiency protects against high-fat diet-induced obesity and insulin resistance in mice},
  journal = {American Journal of Physiology-Endocrinology and Metabolism}
}

@article{Yue2020,
  doi = {10.1152/ajpendo.00272.2019},
  url = {https://doi.org/10.1152/ajpendo.00272.2019},
  year = {2020},
  month = mar,
  publisher = {American Physiological Society},
  volume = {318},
  number = {3},
  pages = {E330--E342},
  author = {Yingying Yue and Chang Zhang and Xuejiao Zhang and Shitian Zhang and Qian Liu and Fang Hu and Xiaoting Lv and Hanqi Li and Jianming Yang and Xinli Wang and Liming Chen and Zhi Yao and Hongquan Duan and Wenyan Niu},
  title = {An {AMPK}/Axin1-Rac1 signaling pathway mediates contraction-regulated glucose uptake in skeletal muscle cells},
  journal = {American Journal of Physiology-Endocrinology and Metabolism}
}

@article{Thorleifsson2008,
  doi = {10.1038/ng.274},
  url = {https://doi.org/10.1038/ng.274},
  year = {2008},
  month = dec,
  publisher = {Springer Science and Business Media {LLC}},
  volume = {41},
  number = {1},
  pages = {18--24},
  author = {Gudmar Thorleifsson and G Bragi Walters and Daniel F Gudbjartsson and Valgerdur Steinthorsdottir and Patrick Sulem and Anna Helgadottir and Unnur Styrkarsdottir and Solveig Gretarsdottir and Steinunn Thorlacius and Ingileif Jonsdottir and Thorbjorg Jonsdottir and Elinborg J Olafsdottir and Gudridur H Olafsdottir and Thorvaldur Jonsson and Frosti Jonsson and Knut Borch-Johnsen and Torben Hansen and Gitte Andersen and Torben Jorgensen and Torsten Lauritzen and Katja K Aben and Andr{\'{e}} LM Verbeek and Nel Roeleveld and Ellen Kampman and Lisa R Yanek and Lewis C Becker and Laufey Tryggvadottir and Thorunn Rafnar and Diane M Becker and Jeffrey Gulcher and Lambertus A Kiemeney and Oluf Pedersen and Augustine Kong and Unnur Thorsteinsdottir and Kari Stefansson},
  title = {Genome-wide association yields new sequence variants at seven loci that associate with measures of obesity},
  journal = {Nature Genetics}
}

@article{Ignacio2016,
  doi = {10.4110/in.2016.16.3.189},
  url = {https://doi.org/10.4110/in.2016.16.3.189},
  year = {2016},
  publisher = {The Korean Association of Immunobiologists},
  volume = {16},
  number = {3},
  pages = {189},
  author = {Rosa Mistica C. Ignacio and Carla R. Gibbs and Eun-Sook Lee and Deok-Soo Son},
  title = {Differential Chemokine Signature between Human Preadipocytes and Adipocytes},
  journal = {Immune Network}
}

@article{vanderZalm2020,
  doi = {10.1038/s41366-020-0615-6},
  url = {https://doi.org/10.1038/s41366-020-0615-6},
  year = {2020},
  month = jul,
  publisher = {Springer Science and Business Media {LLC}},
  volume = {44},
  number = {9},
  pages = {1838--1850},
  author = {I. J. B. van der Zalm and E. S. van der Valk and V. L. Wester and N. M. A. Nagtzaam and E. F. C. van Rossum and P. J. M. Leenen and W. A. Dik},
  title = {Obesity-associated T-cell and macrophage activation improve partly after a lifestyle intervention},
  journal = {International Journal of Obesity}
}

@article{Ostrowski1999,
  doi = {10.1111/j.1469-7793.1999.287ad.x},
  url = {https://doi.org/10.1111/j.1469-7793.1999.287ad.x},
  year = {1999},
  month = feb,
  publisher = {Wiley},
  volume = {515},
  number = {1},
  pages = {287--291},
  author = {Kenneth Ostrowski and Thomas Rohde and Sven Asp and Peter Schjerling and Bente Klarlund Pedersen},
  title = {Pro- and anti-inflammatory cytokine balance in strenuous exercise in humans},
  journal = {The Journal of Physiology}
}

@article{Ostrowski2000,
  doi = {10.1007/s004210000312},
  url = {https://doi.org/10.1007/s004210000312},
  year = {2000},
  month = dec,
  publisher = {Springer Science and Business Media {LLC}},
  volume = {83},
  number = {6},
  pages = {512--515},
  author = {Kenneth Ostrowski and Peter Schjerling and Bente Klarlund Pedersen},
  title = {Physical activity and plasma interleukin-6 in humans - effect of intensity of exercise},
  journal = {European Journal of Applied Physiology}
}